@misc{加藤和也2005数論,
  title={数論 I Fermat の夢と類体論},
  author={加藤和也 and 黒川信重 and 斎藤毅},
  year={2005},
  publisher={岩波書店}
}
