@book{griffiths2020introduction,
  title={Introduction to elementary particles},
  author={Griffiths, David},
  year={2020},
  publisher={John Wiley \& Sons}
}

@book{坂本眞人2020量子力学選書,
  title={量子力学選書 場の量子論-不変性と自由場を中心にして},
  author={坂本眞人},
  year={2020},
  publisher={Shokabo Publishing Co., Ltd.}
}

@article{sen2019two,
  title={Two-photon decay of P-wave positronium: a tutorial},
  author={Sen, Abhijit and Silagadze, Zurab K},
  journal={Canadian Journal of Physics},
  volume={97},
  number={7},
  pages={693--700},
  year={2019},
  publisher={NRC Research Press}
}

@article{gross1974asymptotically,
  title={Asymptotically free gauge theories. II},
  author={Gross, David J and Wilczek, Frank},
  journal={Physical Review D},
  volume={9},
  number={4},
  pages={980},
  year={1974},
  publisher={APS}
}

@article{romao2012resource,
  title={A resource for signs and Feynman diagrams of the Standard Model},
  author={Romao, Jorge C and Silva, Joao P},
  journal={International Journal of Modern Physics A},
  volume={27},
  number={26},
  pages={1230025},
  year={2012},
  publisher={World Scientific}
}
